@article{von2009effects,
  title={The effects of volcanic eruptions on atmospheric chemistry},
  author={von Glasow, Roland and Bobrowski, Nicole and Kern, Christoph},
  journal={Chemical Geology},
  volume={263},
  number={1-4},
  pages={131--142},
  year={2009},
  publisher={Elsevier}
}

@article{vernier2011major,
  title={Major influence of tropical volcanic eruptions on the stratospheric aerosol layer during the last decade},
  author={Vernier, J-P and Thomason, Larry W and Pommereau, J-P and Bourassa, Adam and Pelon, Jacques and Garnier, Anne and Hauchecorne, Alain and Blanot, Laurent and Trepte, C and Degenstein, Doug and others},
  journal={Geophysical Research Letters},
  volume={38},
  number={12},
  year={2011},
  publisher={Wiley Online Library}
}
